%% This BibTeX bibliography file was created using BibDesk.
%% http://bibdesk.sourceforge.net/


%% Created for Rodrigo Alvite Romano at 2015-05-28 17:48:31 -0300 


%% Saved with string encoding Unicode (UTF-8) 



@book{Ljung:1983,
	Address = {Cambridge, Massachusetts},
	Author = {L. Ljung and T. S\"oderstr\"om},
	Date-Added = {2015-05-28 20:44:34 +0000},
	Date-Modified = {2015-05-28 20:47:46 +0000},
	Publisher = {The {MIT} {P}ress},
	Title = {Theory and Practice of Recursive Identification},
	Year = {1983}}

@article{Cao:2004,
	Author = {L. Cao and H. M. Schwartz},
	Date-Added = {2015-05-28 20:16:12 +0000},
	Date-Modified = {2015-05-28 20:18:09 +0000},
	Journal = {Automatica},
	Pages = {5--19},
	Title = {Analysis of the {K}alman filter based estimation algorithm: an orthogonal decomposition approach},
	Volume = {40},
	Year = {2004}}

@article{Ljung:1990,
	Author = {L. Ljung and S. Gunnarsson},
	Date-Added = {2015-05-28 15:06:05 +0000},
	Date-Modified = {2015-05-28 17:31:54 +0000},
	Journal = {Automatica},
	Number = {1},
	Pages = {7--21},
	Title = {Adaptation and Tracking in System Identification --- A Survey},
	Volume = {26},
	Year = {1990}}
